<record><leader>00000cas a22000007a 4500</leader><controlfield tag="001">1764882</controlfield><controlfield tag="008">751101d18941896mnucr pe      0    0eng d</controlfield><controlfield tag="009">501</controlfield><datafield ind1=" " ind2=" " tag="010"><subfield code="a">sn 90059575 </subfield></datafield><datafield ind1=" " ind2=" " tag="040"><subfield code="a">MUL</subfield><subfield code="b">eng</subfield><subfield code="c">MUL</subfield><subfield code="d">MN#</subfield><subfield code="d">OCLCQ</subfield><subfield code="d">DLC</subfield></datafield><datafield ind1="1" ind2=" " tag="029"><subfield code="a">AU@</subfield><subfield code="b">000025887238</subfield></datafield><datafield ind1=" " ind2=" " tag="042"><subfield code="a">msc</subfield></datafield><datafield ind1=" " ind2=" " tag="043"><subfield code="a">n-us-mn</subfield></datafield><datafield ind1=" " ind2=" " tag="052"><subfield code="a">4144</subfield><subfield code="b">S4</subfield></datafield><datafield ind1="0" ind2=" " tag="130"><subfield code="a">Minnesota Transfer reporter (Saint Paul, Minn. : Semiweekly ed.)</subfield></datafield><datafield ind1="0" ind2="4" tag="245"><subfield code="a">The Minnesota Transfer reporter.</subfield></datafield><datafield ind1=" " ind2=" " tag="260"><subfield code="a">St. Paul, Minn. :</subfield><subfield code="b">Geo. F. Wright,</subfield><subfield code="c">1894-</subfield></datafield><datafield ind1=" " ind2=" " tag="300"><subfield code="a">v.</subfield></datafield><datafield ind1=" " ind2=" " tag="310"><subfield code="a">Semiweekly</subfield></datafield><datafield ind1="0" ind2=" " tag="362"><subfield code="a">Vol. 4, no. 297 (Mar. 2, 1894)-</subfield></datafield><datafield ind1="1" ind2=" " tag="362"><subfield code="a">Ceased in 1896.</subfield></datafield><datafield ind1=" " ind2=" " tag="500"><subfield code="a">"Official and complete market reports of Minnesota Transfer."</subfield></datafield><datafield ind1=" " ind2=" " tag="530"><subfield code="a">Available on microfilm from the Minnesota Historical Society.</subfield></datafield><datafield ind1="2" ind2="0" tag="610"><subfield code="a">Minnesota Transfer Stock yards (Saint Paul, Minn.)</subfield><subfield code="v">Periodicals.</subfield></datafield><datafield ind1=" " ind2="0" tag="650"><subfield code="a">Stockyards</subfield><subfield code="z">Minnesota</subfield><subfield code="z">Saint Paul</subfield><subfield code="v">Periodicals.</subfield></datafield><datafield ind1=" " ind2="0" tag="650"><subfield code="a">Livestock</subfield><subfield code="z">Minnesota</subfield><subfield code="x">Marketing</subfield><subfield code="v">Periodicals.</subfield></datafield><datafield ind1="2" ind2=" " tag="710"><subfield code="a">Minnesota Transfer Stock Yards (Saint Paul, Minn.)</subfield></datafield><datafield ind1="0" ind2=" " tag="775"><subfield code="t">Minnesota Transfer reporter (Saint Paul, Minn. : weekly ed.)</subfield><subfield code="w">(DLC)sn 90059574</subfield></datafield><datafield ind1="0" ind2="0" tag="780"><subfield code="t">Twin City live stock reporter</subfield><subfield code="w">(DLC)sn 90060943</subfield></datafield><datafield ind1="0" ind2="0" tag="785"><subfield code="t">New Brighton reporter</subfield><subfield code="w">(DLC)sn 91059479</subfield></datafield></record>